@PREAMBLE{{\providecommand{\noopsort}[1]{}}
}

@book{KreNud1973,
  author={Крейн, М. Г. and Нудельман, А. А.},
  title={Проблема моментов Маркова и экстремальные задачи},
  year={1973},
  publisher={Наука},
  address = {Москва},
  langid={russian},
}

@article{Krein1946,
    author = {Krein, M. G.},
    title = {On resolvents of Hermitian operator with deficiency index (m,m)},
    journaltitle = {Dokl. Acad. Nauk SSSR},
    number = {52},
    pages = {657--660},
    year = {1946},
    langid = {english}
}

@article{Krein1951,
    author = {Крейн, М. Г.},
    title = {Определение плотности неоднородной симметричной струны поспектру ее частот},
    journaltitle = {ДАН СССР},
    number = {76},
    eid = {3},
    pages = {345--348},
    year = {1951},
    langid = {russian}
}


@article{Krein1952,
    author = {Krein, M. G.},
    title = {On a geeralizaton of Stieltjes investigations},
    journaltitle = {Dokl. Akad. Nauk SSSR},
    year = {1952},
    number = {86},
    eid = {6},
    pages = {881--884},
    langid = {english},
}


@article{DerMal1991,
  author = {Derkach, V. A. and Malamud, M. M.},
  title = {Generalized resolvents and the boundary value problems for hermitian operators with gaps},
  journal = {J. Funct. Anal.},
  volume = {95},
  issn = {1},
  pages = {1--95},
  year = {1991}
}

@book{DerMal2017,
  title={Теорія розширень симетричних операторів і граничні задачі},
  volume={104},
  author={Деркач, В. О. and Маламуд, М. М.},
  pagetotal={573},
  year={2017},
  series = {Праці Інституту математики НАН України},
  publisher={Інститут математики НАН України},
  location={Київ},
  langid={ukrainian},
}


@book{AkhGlaz78,
  author = {Ахиезер, Н. И. and Глазман, И. М.},
  title = {Теория линейных операторов в Гильбертовом пространстве},
  volume = {2},
  edition = {3},
  pagetotal = {288},
  year = {1978},
  publisher = {Вища Школа},
  location = {Харьков},
  langid = {russian},
}

% Optional fields: translator, annotator, commentator, subtitle, titleaddon, editor, editora, editorb, editorc, journalsubtitle, issuetitle, issuesubtitle, language, origlanguage, series, volume, number, eid, issue, month, pages, version, note, issn, addendum, pubstate, doi, eprint, eprintclass, eprinttype, url, urldate
@article{DerKov2015,
    author = {Derkach, V. and Kovalyov, I.},
    title = {On a class of generalized Stieltjes continued fractions},
    journaltitle = {Methods of Funct. Anal. and Topology},
    number = {21(4)},
    pages = {315--335},
    year = {2015},
    langid = {english}
}

% Optional fields: translator, annotator, commentator, subtitle, titleaddon, editor, editora, editorb, editorc, journalsubtitle, issuetitle, issuesubtitle, language, origlanguage, series, volume, number, eid, issue, month, pages, version, note, issn, addendum, pubstate, doi, eprint, eprintclass, eprinttype, url, urldate
@article{KalWinWor2006,
    author = {Kaltenback, M. and Winkler, H. and Woracek, H.},
    title = {Generalized Nevanlinna functions with Essentially positive spectrum},
    journaltitle = {J. Operator Theory},
    volume = {55},
    issue = {1},
    year = {2006},
    pages = {17--48},
    langid = {english},
}

@article{Win1995,
    author = {Winkler, H.},
    title = {The inverse spectral problem for canonical systems},
    journaltitle = {Integr equ oper theory},
    volume = {22},
    issue = {3},
    year = {1995},
    doi = {https://doi.org/10.1007/BF01378784},
    pages = {360--374},
    langid = {english},
}

% Optional fields: volumeditor, editora, editorb, editorc, translator, annotator, commentator, introduction, foreword, afterword, subtitle, titleaddon, maintitle, mainsubtitle, maintitleaddon, language, origlanguage, volume, part, edition, volumes, series, number, note, publisher, location, isbn, chapter, pages, pagetotal, addendum, pubstate, doi, eprint, eprintclass, eprinttype, url, urldate
@book{Nev1919,
  author = {Nevanlinna, R.},
  title = {Über beschränkte Funktionen, die in gegebene Punkten vorgeschriebene Werte annehmen},
  publisher = {Ann. Akad. Scient. Fenn},
  volume = {XV},
  year = {1919},
  langid = {english},
}

% Optional fields: translator, annotator, commentator, subtitle, titleaddon, editor, editora, editorb, editorc, journalsubtitle, issuetitle, issuesubtitle, language, origlanguage, series, volume, number, eid, issue, month, pages, version, note, issn, addendum, pubstate, doi, eprint, eprintclass, eprinttype, url, urldate
@article{Her1911,
    author = {Herglotz, G.},
    title = {Über Potenzreihen mit positiven reellen Teil im Einheitskreis},
    journaltitle = {Leipziger Berichte},
    number = {63},
    pages = {501--511},
    year = {1911},
    langid = {german},
}

@article{Riesz1911,
    author = {Riesz, F.},
    title = {Sur certains systemes singuliers d'équations integrales},
    journaltitle = {Ann. de l'Ec. norm.},
    number = {28},
    pages = {33--62},
    year = {1911},
    langid = {english},
}

% Optional fields: volumeditor, editora, editorb, editorc, translator, annotator, commentator, introduction, foreword, afterword, subtitle, titleaddon, maintitle, mainsubtitle, maintitleaddon, language, origlanguage, volume, part, edition, volumes, series, number, note, publisher, location, isbn, chapter, pages, pagetotal, addendum, pubstate, doi, eprint, eprintclass, eprinttype, url, urldate
@book{Riesz1913,
  author = {Riesz, F.},
  title = {Les systèmes d'équations linéaires à une infinité d'inconnues},
  year = {1913},
  location = {Paris},
  langid = {french},
}

% Optional fields: translator, annotator, commentator, subtitle, titleaddon, editor, editora, editorb, editorc, journalsubtitle, issuetitle, issuesubtitle, language, origlanguage, series, volume, number, eid, issue, month, pages, version, note, issn, addendum, pubstate, doi, eprint, eprintclass, eprinttype, url, urldate
@article{Neumann1930,
    author = "{\noopsort{Neumann}}{von Neumann J.}",
    title = {Allgemeine Eigenwerttheorie Hermitescher Funktionaloperatoren},
    journaltitle = {Math. Ann.},
    year = {1930},
    number = {102},
    eid = {1},
    pages = {49--131},
    langid = {german}
}

% Optional fields: translator, annotator, commentator, subtitle, titleaddon, editor, editora, editorb, editorc, journalsubtitle, issuetitle, issuesubtitle, language, origlanguage, series, volume, number, eid, issue, month, pages, version, note, issn, addendum, pubstate, doi, eprint, eprintclass, eprinttype, url, urldate
@article{Neumann1933,
    author = "{\noopsort{Neumann}}{von Neumann J.}",
    title = {Uber adjungierte Operatoren},
    journaltitle = {Annals of Mathematics},
    year = {1932},
    number = {33},
    eid = {2},
    pages = {294--310},
    langid = {german}
}

@article{LaneTom1958,
    author = {Lane, A. M. and Tomas, R. G.},
    title = {R-matrix Theory of Nuclear Reaction},
    journaltitle = {Rev. Mod. Phys.},
    year = {1958},
    month = {April},
    number = {3},
    eid = {2},
    pages = {257--353},
    langid = {english}
}

@article{Pick1916,
    author = {Pick, G.},
    title = {Uber die beschrankungen analytischer Funktionen welche durch vorgegebene Funktionswerte hewirkt sind},
    journaltitle = {Math. Ann.},
    year = {1916},
    number = {77},
    pages = {7--23},
    langid = {german}
}

@article{Herg1911,
    author = {Herglotz, G.},
    title = {Uber potenzreichen mit positiven reelen Teil im Einheitskreise},
    journaltitle = {Ber. Verh. Sä. Acad. Wiss. Leipzig.},
    year = {1911},
    number = {63},
    pages = {501--511},
    langid = {german}
}

% Optional fields: translator, annotator, commentator, subtitle, titleaddon, editor, editora, editorb, editorc, journalsubtitle, issuetitle, issuesubtitle, language, origlanguage, series, volume, number, eid, issue, month, pages, version, note, issn, addendum, pubstate, doi, eprint, eprintclass, eprinttype, url, urldate
@article{Visik1952,
    author = {Visik, M. I.},
    title = {On generally boundary problems for elliptic defferential equations},
    journaltitle = {Trudy Moskov. Mat. Obsc.},
    year = {1952},
    number = {1},
    pages = {187--246},
    language = {russian},
    langid = {english},
}

% Optional fields: translator, annotator, commentator, subtitle, titleaddon, editor, editora, editorb, editorc, journalsubtitle, issuetitle, issuesubtitle, language, origlanguage, series, volume, number, eid, issue, month, pages, version, note, issn, addendum, pubstate, doi, eprint, eprintclass, eprinttype, url, urldate
@article{Horb1971,
    author = {Горбачук, В. И. and Горбачук, М. Л.},
    title = {О самосопряженных граничных задачах с дискретным спектром для уравнения Штурма–Лиувилля с неограниченным операторным коэффициентом},
    journaltitle = {Функц. анализ и его прил.},
    year = {1971},
    eid = {5},
    issue = {4},
    pages = {67--68},
    langid = {russian},
}

% Optional fields: volumeditor, editora, editorb, editorc, translator, annotator, commentator, introduction, foreword, afterword, subtitle, titleaddon, maintitle, mainsubtitle, maintitleaddon, language, origlanguage, volume, part, edition, volumes, series, number, note, publisher, location, isbn, chapter, pages, pagetotal, addendum, pubstate, doi, eprint, eprintclass, eprinttype, url, urldate
@book{Gorb1991,
  author = {Gorbachuk, V. I. and Gorbachuk, M. L.},
  title = {Boundary problems for differential operator equations},
  year = {1991},
  location = {Dordrecht},
  publisher = {Kluwer Academic publisher},
  pagetotal = {xii+347},
  langid = {english},
}


@article{Koch1975,
  author = {Kochuei, A. N.},
  title = {On extentions of symmetric operators and symmetric binary relations},
  journaltitle = {Matem. Zametki},
  year = {1975},
  number = {17},
  eid = {1},
  pages = {41--48},
  langid = {english},
}

% Optional fields: translator, annotator, commentator, subtitle, titleaddon, editor, editora, editorb, editorc, journalsubtitle, issuetitle, issuesubtitle, language, origlanguage, series, volume, number, eid, issue, month, pages, version, note, issn, addendum, pubstate, doi, eprint, eprintclass, eprinttype, url, urldate
@article{Arens1961,
    author = {Arens, R.},
    title = {Operational calculus of linear relations},
    journaltitle = {Pacific J. Math.},
    year = {1961},
    number = {11},
    pages = {9--23},
    langid = {english},
}


@article{Bennewitz1972,
    author = {Bennewitz, C.},
    title = {Symmetric relations on Hilbert space},
    journaltitle = {Lect. Notes Math.},
    year = {1972},
    pagetotal = {280},
    pages = {212--218},
    langid = {english},
}

@article{Coddington1973,
    author = {Coddington, E. A.},
    title = {Extension theory of formally normal and symmetric subspaces},
    journaltitle = {Mem. Amer. Math. Soc.},
    year = {1973},
    number = {134},
    pages = {1--80},
    langid = {english},
}

% Optional fields: translator, annotator, commentator, subtitle, titleaddon, editor, editora, editorb, editorc, journalsubtitle, issuetitle, issuesubtitle, language, origlanguage, series, volume, number, eid, issue, month, pages, version, note, issn, addendum, pubstate, doi, eprint, eprintclass, eprinttype, url, urldate
@article{Calkin1939,
    author = {Calkin, J. W.},
    title = {Abstract symmetric boundary conditions},
    journaltitle = {Trans. Amer. Math. Soc.},
    year = {1939},
    number = {45},
    eid = {3},
    pages = {369--442},
    langid = {english},
}

% Optional fields: volumeditor, editora, editorb, editorc, translator, annotator, commentator, introduction, foreword, afterword, subtitle, titleaddon, maintitle, mainsubtitle, maintitleaddon, language, origlanguage, volume, part, edition, volumes, series, number, note, publisher, location, isbn, chapter, pages, pagetotal, addendum, pubstate, doi, eprint, eprintclass, eprinttype, url, urldate
@book{DerMal2017,
  author = {Деркач, В.О. and Маламуд, М.М.},
  title = {Теорія розширень симетричних операторів і граничні задачі},
  publisher = {Праці Інституту математики НАН України},
  volume = {104},
  location = {К: Інститут матматики НАН України},
  pagetotal = {573},
  year = {2017},
  langid = {Ukrainian},
}

% Optional fields: volumeditor, editora, editorb, editorc, translator, annotator, commentator, introduction, foreword, afterword, subtitle, titleaddon, maintitle, mainsubtitle, maintitleaddon, language, origlanguage, volume, part, edition, volumes, series, number, note, publisher, location, isbn, chapter, pages, pagetotal, addendum, pubstate, doi, eprint, eprintclass, eprinttype, url, urldate
@book{Remling2018,
  author = {Remling, K.},
  title = {Spectral theory of canonical systems},
  series = {De Gruyter studies in mathematics},
  number = {70},
  publisher = {Berlin ; Boston : De Gruyter},
  pagetotal = {X+196},
  year = {2018},
  langid = {english},
}

% Optional fields: translator, annotator, commentator, subtitle, titleaddon, editor, editora, editorb, editorc, journalsubtitle, issuetitle, issuesubtitle, language, origlanguage, series, volume, number, eid, issue, month, pages, version, note, issn, addendum, pubstate, doi, eprint, eprintclass, eprinttype, url, urldate
@article{Winkler2010,
    author = {Kaltenbäck, M. and Winkler, H. and Woracek, H.},
    title = {Strings, dual strings, and related canonical systems},
    journaltitle = {Mathemachine Nachrichten},
    volume = {280},
    issue = {13-14},
    pages = {1518--1536},
    year = {2010},
    langid = {english}
}

% Optional fields: translator, annotator, commentator, subtitle, titleaddon, editor, editora, editorb, editorc, journalsubtitle, issuetitle, issuesubtitle, language, origlanguage, series, volume, number, eid, issue, month, pages, version, note, issn, addendum, pubstate, doi, eprint, eprintclass, eprinttype, url, urldate
@article{Weyl2010,
    author = {Weyl, H.},
    title = {Über gewöhnliche Differentialgleichungen mit Singularitäten und die zugehörigen Entwicklungen willkürlicher Funktionen},
    journaltitle = {Math. Ann.},
    volume = {68},
    issue = {2},
    pages = {220-269},
    year = {2010}
}

% Optional fields: volumeditor, editora, editorb, editorc, translator, annotator, commentator, introduction, foreword, afterword, subtitle, titleaddon, maintitle, mainsubtitle, maintitleaddon, language, origlanguage, volume, part, edition, volumes, series, number, note, publisher, location, isbn, chapter, pages, pagetotal, addendum, pubstate, doi, eprint, eprintclass, eprinttype, url, urldate
@book{KreinGohb,
  author = {Gohberg, I. C. and Kreĭn, M. G.},
  title = {Theory and applications of Volterra operators in Hilbert space},
  origlanguage = {russian},
  translator = {Feinstein, A.},
  series = {Translations of Mathematical Monographs},
  volume = {24},
  publisher = {American Mathematical Society},
  location = {Providence, R.I.},
  pagetotal = {x+430},
  year = {1970},
  langid = {english},
}

@article{DerMal1991,
  author = {Derkach, V. A. and Malamud, M. M.},
  title = {Generalized resolvents and the boundary value problems for hermitian operators with gaps},
  journal = {J. Funct. Anal.},
  volume = {95},
  issn = {1},
  pages = {1--95},
  year = {1991}
}

% Optional fields: volumeditor, editora, editorb, editorc, translator, annotator, commentator, introduction, foreword, afterword, subtitle, titleaddon, maintitle, mainsubtitle, maintitleaddon, language, origlanguage, volume, part, edition, volumes, series, number, note, publisher, location, isbn, chapter, pages, pagetotal, addendum, pubstate, doi, eprint, eprintclass, eprinttype, url, urldate
@book{Atkinson,
  author = {Аткинсон, Ф.},
  editor = {Кац, И. С. and Крейн, М. Г.},
  title = {Дискретные и непрерывные граничные задачи},
  publisher = {Мир},
  location = {Москва},
  year = {1968},
  pagetotal = {749},
  langid = {russian}
}

% Optional fields: bookauthor, editor, editora, editorb, editorc, translator, annotator, commentator, introduction, foreword, afterword, subtitle, titleaddon, maintitle, mainsubtitle, maintitleaddon, booksubtitle, booktitleaddon, language, origlanguage, volume, part, edition, volumes, series, number, note, publisher, location, isbn, chapter, pages, addendum, pubstate, doi, eprint, eprintclass, eprinttype, url, urldate
@inbook{KacKre1968,
  author = {Кац, И. С. and Крейн, М. Г.},
  title = {R-функции --- аналитические функции, отображающие верхнюю полуплоскость в себя},
  bookauthor = {Аткинсон, Ф.},
  booktitle = {Дискретные и непрерывные граничные задачи},
  publisher = {Мир},
  location = {Москва},
  pages = {629--647},
  year = {1968},
  langid = {russian}
}

@book{KacKre1968,
  author = {Кац, И. С. and Крейн, М. Г.},
  title = {R-функции --- аналитические функции, отображающие верхнюю полуплоскость в себя},
  title = {Дискретные и непрерывные граничные задачи},
  publisher = {Мир},
  location = {Москва},
  year = {1968},
  pagetotal = {749},
  langid = {russian}
}

% Optional fields: volumeditor, editora, editorb, editorc, translator, annotator, commentator, introduction, foreword, afterword, subtitle, titleaddon, maintitle, mainsubtitle, maintitleaddon, language, origlanguage, volume, part, edition, volumes, series, number, note, publisher, location, isbn, chapter, pages, pagetotal, addendum, pubstate, doi, eprint, eprintclass, eprinttype, url, urldate
@book{deBranges,
  author = "\noopsort{Branges}{de Branges, L.}",
  title = {Hilbert spaces of entire functions},
  publisher = {Prentice-Hall, Inc.},
  location = {Englewood Cliffs, N.J.},
  year = {1968},
  langid = {english},
}

% Optional fields: volumeditor, editora, editorb, editorc, translator, annotator, commentator, introduction, foreword, afterword, subtitle, titleaddon, maintitle, mainsubtitle, maintitleaddon, language, origlanguage, volume, part, edition, volumes, series, number, note, publisher, location, isbn, chapter, pages, pagetotal, addendum, pubstate, doi, eprint, eprintclass, eprinttype, url, urldate
@book{ArovD12,
  author = {Arov, D.Z. and Dym, H.},
  title = {Bitangential Direct and Inverse Problems for Systems of Integral and Differential Equations},
  publisher = {Cambridge University Press},
  location = {Cambridge},
  year = {2012},
  langid = {english},
}

% Optional fields: volumeditor, editora, editorb, editorc, translator, annotator, commentator, introduction, foreword, afterword, subtitle, titleaddon, maintitle, mainsubtitle, maintitleaddon, language, origlanguage, volume, part, edition, volumes, series, number, note, publisher, location, isbn, chapter, pages, pagetotal, addendum, pubstate, doi, eprint, eprintclass, eprinttype, url, urldate
@book{Sakhnovich,
  author = {Sakhnovich, Lev A.},
  title = {Spectral theory of canonical differential systems. Method of operator identities},
  series = {Operator Theory: Advances and Applications},
  number = {107},
  publisher = {Birkhäuser Verlag},
  location = {Basel},
  pagetotal = {VI+202},
  year = {1999}
}